<?xml version="1.0" encoding="UTF-8" ?>
<record Numero="13917609" format="InterXMarc_Complet" type="Authority">
<leader>00545c1 au22000272  452 <Pos Code="0004">00545</Pos>
<Pos Code="05" Sens="notice modifiée">c</Pos>
<Pos Code="06" Sens="notice validée en catalogage courant">1</Pos>
<Pos Code="08" Sens="notice d&apos;autorité">a</Pos>
<Pos Code="09" Sens="titre uniforme musical (TUM)">u</Pos>
<Pos Code="10">2</Pos>
<Pos Code="11">2</Pos>
<Pos Code="1216">00027</Pos>
<Pos Code="17" Sens="autres cas">2</Pos>
<Pos Code="20">4</Pos>
<Pos Code="21">5</Pos>
<Pos Code="22" Sens="caractères n&apos;appartenant pas au jeu de base">2</Pos>
</leader>
<controlfield tag="001">FRBNF139176095<Pos Code="0001">FR</Pos>
<Pos Code="0204">BNF</Pos>
<Pos Code="0512">13917609</Pos>
<Pos Code="13">5</Pos>
</controlfield>
<controlfield tag="008">890821970828yyrus lit       1910      ....                   1   <Pos Code="0001">89</Pos>
<Pos Code="0203">08</Pos>
<Pos Code="0405">21</Pos>
<Pos Code="0607">97</Pos>
<Pos Code="0809">08</Pos>
<Pos Code="1011">28</Pos>
<Pos Code="1213" Sens="ne s&apos;applique pas">yy</Pos>
<Pos Code="1416" Sens="russe">rus</Pos>
<Pos Code="1820" Sens="liturgie">lit</Pos>
<Pos Code="2831">1910</Pos>
<Pos Code="3841">....</Pos>
<Pos Code="61" Sens="La vedette peut être liée à une notice bibliographique sauf pour l&apos;accès matière RAMEAU">1</Pos>
</controlfield>
<datafield tag="048" ind1=" " ind2=" ">
	<subfield code="a">cn01<Pos Code="0001" Sens="choeurs - non spécifié">cn</Pos>
<Pos Code="02">0</Pos>
<Pos Code="03">1</Pos>
</subfield>
</datafield>
<datafield tag="100" ind1=" " ind2=" ">
	<subfield code="3">13898765</subfield>
	<subfield code="w">.0 .barus.</subfield>
	<subfield code="a">Rahmaninov</subfield>
	<subfield code="m">Sergej Vasil&apos;evič</subfield>
	<subfield code="d">1873-1943</subfield>
</datafield>
<datafield tag="144" ind1="1" ind2=" ">
	<subfield code="w">....barus.</subfield>
	<subfield code="a">Liturgiâ svâtogo Ioanna Zlatousta</subfield>
	<subfield code="p">Op. 31</subfield>
</datafield>
<datafield tag="302" ind1=" " ind2=" ">
	<subfield code="3">14006586</subfield>
	<subfield code="a">Rahmaninov</subfield>
	<subfield code="m">Sergej Vasil&apos;evič</subfield>
	<subfield code="d">1873-1943</subfield>
	<subfield code="t">[Tebe poem. Op. 31, no 12]</subfield>
</datafield>
<datafield tag="444" ind1="1" ind2=" ">
	<subfield code="w">....b.fre.</subfield>
	<subfield code="a">Liturgie de saint Jean Chrysostome</subfield>
	<subfield code="p">Op. 31</subfield>
</datafield>
<datafield tag="444" ind1="1" ind2=" ">
	<subfield code="w">....b.eng.</subfield>
	<subfield code="a">Liturgy of saint John Chrysostom</subfield>
	<subfield code="p">Op. 31</subfield>
</datafield>
<datafield tag="600" ind1=" " ind2=" ">
	<subfield code="a">Date de composition : 1910</subfield>
</datafield>
<datafield tag="610" ind1=" " ind2=" ">
	<subfield code="a">Grove 6</subfield>
</datafield>
<datafield tag="917" ind1=" " ind2=" ">
	<subfield code="o">OPC</subfield>
	<subfield code="a">100473070</subfield>
</datafield>
<Alter Ori="13898765">
<datafield tag="100" ind1=" " ind2=" ">
	<subfield code="w"> 0  c     </subfield>
	<subfield code="a">Рахманинов</subfield>
	<subfield code="m">Сергей Васильевич</subfield>
	<subfield code="d">1873-1943</subfield>
</datafield>
<datafield tag="400" ind1=" " ind2=" ">
	<subfield code="w">.  .bx....</subfield>
	<subfield code="a">Rakhmaninov</subfield>
	<subfield code="m">Sergueï Vassilievitch</subfield>
	<subfield code="d">1873-1943</subfield>
</datafield>
<datafield tag="400" ind1=" " ind2=" ">
	<subfield code="w">.  .bx....</subfield>
	<subfield code="a">Rachmaninoff</subfield>
	<subfield code="m">Sergei Vasilyevich</subfield>
	<subfield code="d">1873-1943</subfield>
</datafield>
<datafield tag="400" ind1=" " ind2=" ">
	<subfield code="w">.  .b.....</subfield>
	<subfield code="a">Rachmaninov</subfield>
	<subfield code="m">Serge</subfield>
	<subfield code="d">1873-1943</subfield>
</datafield>
<datafield tag="400" ind1=" " ind2=" ">
	<subfield code="w">.  .b.....</subfield>
	<subfield code="a">Rachmaninoff</subfield>
	<subfield code="m">Serge</subfield>
	<subfield code="d">1873-1943</subfield>
</datafield>
</Alter>
<Attr Nom="IDPerenne">ark:/12148/cb13917609s</Attr>
<Attr Nom="NumSource">OPC 100473070</Attr>
<Attr Nom="Source" Sens="BnF catalogue général (depuis 1999)">A</Attr>
<Attr Nom="NumAutoriteLiee">1389876514006586</Attr>
<Attr Nom="DateCreation">21/08/ 1989</Attr>
<Attr Nom="ResponsableCreation">MIGV2</Attr>
<Attr Nom="StructCreation">1</Attr>
<Attr Nom="DateDerniereValidation">08/11/ 2010</Attr>
<Attr Nom="ResponsableDerniereValidation">MIGV4</Attr>
<Attr Nom="StructPremiereValidation">1</Attr>
<Attr Nom="DatePremiereValidation">21/08/ 1989</Attr>
<Attr Nom="ResponsablePremiereValidation">MIGV2</Attr>
<Attr Nom="StructDerniereValidation">1</Attr>
<Attr Nom="NumSource">OPP 14785988</Attr>
</record>
